@inproceedings{kda,
  title={Fisher discriminant analysis with kernels},
  author={Mika, Sebastian and Ratsch, Gunnar and Weston, Jason and Scholkopf, Bernhard and Mullers, Klaus-Robert},
  booktitle={Neural networks for signal processing IX, 1999. Proceedings of the 1999 IEEE signal processing society workshop.},
  pages={41--48},
  year={1999},
  organization={Ieee}
}

@inproceedings{lsi,
  title={Distance metric learning with application to clustering with side-information},
  author={Xing, Eric P and Jordan, Michael I and Russell, Stuart J and Ng, Andrew Y},
  booktitle={Advances in neural information processing systems},
  pages={521--528},
  year={2003}
}

@inproceedings{itml,
  title={Information-theoretic metric learning},
  author={Davis, Jason V and Kulis, Brian and Jain, Prateek and Sra, Suvrit and Dhillon, Inderjit S},
  booktitle={Proceedings of the 24th international conference on Machine learning},
  pages={209--216},
  year={2007},
  organization={ACM}
}

@inproceedings{nca,
  title={Neighbourhood components analysis},
  author={Goldberger, Jacob and Hinton, Geoffrey E and Roweis, Sam T and Salakhutdinov, Ruslan R},
  booktitle={Advances in neural information processing systems},
  pages={513--520},
  year={2005}
}

@inproceedings{anmm,
	title={Feature extraction by maximizing the average neighborhood margin},
	author={Wang, Fei and Zhang, Changshui},
	booktitle={Computer Vision and Pattern Recognition, 2007. CVPR'07. IEEE Conference on},
	pages={1--8},
	year={2007},
	organization={IEEE}
}

@article{lmnn,
	title={Distance metric learning for large margin nearest neighbor classification},
	author={Weinberger, Kilian Q and Saul, Lawrence K},
	journal={Journal of Machine Learning Research},
	volume={10},
	number={Feb},
	pages={207--244},
	year={2009}
}

@incollection{ncmml,
	title={Metric learning for large scale image classification: Generalizing to new classes at near-zero cost},
	author={Mensink, Thomas and Verbeek, Jakob and Perronnin, Florent and Csurka, Gabriela},
	booktitle={Computer Vision--ECCV 2012},
	pages={488--501},
	year={2012},
	publisher={Springer}
}

@article{dmleig,
	title={Distance metric learning with eigenvalue optimization},
	author={Ying, Yiming and Li, Peng},
	journal={Journal of Machine Learning Research},
	volume={13},
	number={Jan},
	pages={1--26},
	year={2012}
}

@article{dmlmj,
	title={Supervised distance metric learning through maximization of the Jeffrey divergence},
	author={Nguyen, Bac and Morell, Carlos and De Baets, Bernard},
	journal={Pattern Recognition},
	volume={64},
	pages={215--225},
	year={2017},
	publisher={Elsevier}
}

@inproceedings{mcml,
	title={Metric learning by collapsing classes},
	author={Globerson, Amir and Roweis, Sam T},
	booktitle={Advances in neural information processing systems},
	pages={451--458},
	year={2006}
}

@inproceedings{ldml,
	title={Is that you? Metric learning approaches for face identification},
	author={Guillaumin, Matthieu and Verbeek, Jakob and Schmid, Cordelia},
	booktitle={Computer Vision, 2009 IEEE 12th international conference on},
	pages={498--505},
	year={2009},
	organization={IEEE}
}

@inproceedings{klmnn,
  title={Large margin component analysis},
  author={Torresani, Lorenzo and Lee, Kuang-chih},
  booktitle={Advances in neural information processing systems},
  pages={1385--1392},
  year={2007}
}

@book{understandingml,
	title={Understanding machine learning: From theory to algorithms},
	author={Shalev-Shwartz, Shai and Ben-David, Shai},
	year={2014},
	publisher={Cambridge university press}
}

@book{rudin,
	title={Real and complex analysis},
	author={Rudin, Walter},
	year={1987},
	publisher={Tata McGraw-Hill Education}
}

@book{convexanalysis,
	title={Convex analysis},
	author={Rockafellar, Ralph Tyrell},
	year={2015},
	publisher={Princeton university press}
}

@book{convexoptimization,
	title={Convex optimization},
	author={Boyd, Stephen and Vandenberghe, Lieven},
	year={2004},
	publisher={Cambridge university press}
}

@book{introductiontoalgorithms,
	title={Introduction to algorithms},
	author={Cormen, Thomas H},
	year={2009},
	publisher={MIT press}
}

@article{clustering_algorithms,
	title={Survey of clustering algorithms},
	author={Xu, Rui and Wunsch, Donald},
	journal={IEEE Transactions on neural networks},
	volume={16},
	number={3},
	pages={645--678},
	year={2005},
	publisher={Ieee}
}


@article{overton1988minimizing,
  title={On minimizing the maximum eigenvalue of a symmetric matrix},
  author={Overton, Michael L},
  journal={SIAM Journal on Matrix Analysis and Applications},
  volume={9},
  number={2},
  pages={256--268},
  year={1988},
  publisher={SIAM}
}

@article{maulik2002performance,
  title={Performance evaluation of some clustering algorithms and validity indices},
  author={Maulik, Ujjwal and Bandyopadhyay, Sanghamitra},
  journal={IEEE Transactions on Pattern Analysis and Machine Intelligence},
  volume={24},
  number={12},
  pages={1650--1654},
  year={2002},
  publisher={IEEE}
}

@inproceedings{ssl1,
  title={Graph-based semi-supervised learning algorithms for NLP},
  author={Subramanya, Amar and Talukdar, Partha Pratim},
  booktitle={Tutorial Abstracts of ACL 2012},
  pages={6--6},
  year={2012},
  organization={Association for Computational Linguistics}
}

@article{ssl2,
  title={Learning from labeled and unlabeled data with label propagation},
  author={Zhu, Xiaojin and Ghahramani, Zoubin},
  year={2002},
  publisher={Citeseer}
}

@article{ovoova,
  title={An overview of ensemble methods for binary classifiers in multi-class problems: Experimental study on one-vs-one and one-vs-all schemes},
  author={Galar, Mikel and Fern{\'a}ndez, Alberto and Barrenechea, Edurne and Bustince, Humberto and Herrera, Francisco},
  journal={Pattern Recognition},
  volume={44},
  number={8},
  pages={1761--1776},
  year={2011},
  publisher={Elsevier}
}

@book{variations_convex,
  title={Direct methods in the calculus of variations},
  author={Dacorogna, Bernard},
  volume={78},
  pages={67--148},
  year={2007},
  publisher={Springer Science \& Business Media}
}

@article{proximity_convex,
  title={Proximity maps for convex sets},
  author={Cheney, Ward and Goldstein, Allen A},
  journal={Proceedings of the American Mathematical Society},
  volume={10},
  number={3},
  pages={448--450},
  year={1959},
  publisher={JSTOR}
}

@book{matrix_analysis,
  title={Matrix analysis},
  author={Horn, Roger A and Horn, Roger A and Johnson, Charles R},
  year={1990},
  publisher={Cambridge university press}
}

@article{thompson_inequality,
  title={Convex and concave functions of singular values of matrix sums},
  author={Thompson, Robert},
  journal={Pacific Journal of Mathematics},
  volume={66},
  number={1},
  pages={285--290},
  year={1976},
  publisher={Mathematical Sciences Publishers}
}

@book{learningfromdata,
  title={Learning from data: Concepts, theory, and methods},
  author={Cherkassky, Vladimir and Mulier, Filip},
  year={1998},
  publisher={Wiley New York}
}

@book{zhang2011matrix,
  title={Matrix theory: basic results and techniques},
  author={Zhang, Fuzhen},
  year={2011},
  publisher={Springer Science \& Business Media}
}

@article{survey_dml_1,
  title={Survey on distance metric learning and dimensionality reduction in data mining},
  author={Wang, Fei and Sun, Jimeng},
  journal={Data Mining and Knowledge Discovery},
  volume={29},
  number={2},
  pages={534--564},
  year={2015},
  publisher={Springer}
}

@article{survey_dml_2,
  title={A survey on metric learning for feature vectors and structured data},
  author={Bellet, Aurelien and Habrard, Amaury and Sebban, Marc},
  journal={arXiv preprint arXiv:1306.6709},
  year={2013}
}

@article{psd_projection,
  title={Computing a nearest symmetric positive semidefinite matrix},
  author={Higham, Nicholas J},
  journal={Linear algebra and its applications},
  volume={103},
  pages={103--118},
  year={1988},
  publisher={Elsevier}
}