@inproceedings{kda,
  title={Fisher discriminant analysis with kernels},
  author={Mika, Sebastian and Ratsch, Gunnar and Weston, Jason and Scholkopf, Bernhard and Mullers, Klaus-Robert},
  booktitle={Neural networks for signal processing IX, 1999. Proceedings of the 1999 IEEE signal processing society workshop.},
  pages={41--48},
  year={1999},
  organization={Ieee}
}

@inproceedings{lsi,
  title={Distance metric learning with application to clustering with side-information},
  author={Xing, Eric P and Jordan, Michael I and Russell, Stuart J and Ng, Andrew Y},
  booktitle={Advances in neural information processing systems},
  pages={521--528},
  year={2003}
}

@inproceedings{itml,
  title={Information-theoretic metric learning},
  author={Davis, Jason V and Kulis, Brian and Jain, Prateek and Sra, Suvrit and Dhillon, Inderjit S},
  booktitle={Proceedings of the 24th international conference on Machine learning},
  pages={209--216},
  year={2007},
  organization={ACM}
}

@inproceedings{nca,
  title={Neighbourhood components analysis},
  author={Goldberger, Jacob and Hinton, Geoffrey E and Roweis, Sam T and Salakhutdinov, Ruslan R},
  booktitle={Advances in neural information processing systems},
  pages={513--520},
  year={2005}
}

@inproceedings{anmm,
	title={Feature extraction by maximizing the average neighborhood margin},
	author={Wang, Fei and Zhang, Changshui},
	booktitle={Computer Vision and Pattern Recognition, 2007. CVPR'07. IEEE Conference on},
	pages={1--8},
	year={2007},
	organization={IEEE}
}

@article{lmnn,
	title={Distance metric learning for large margin nearest neighbor classification},
	author={Weinberger, Kilian Q and Saul, Lawrence K},
	journal={Journal of Machine Learning Research},
	volume={10},
	number={Feb},
	pages={207--244},
	year={2009}
}

@incollection{ncmml,
	title={Metric learning for large scale image classification: Generalizing to new classes at near-zero cost},
	author={Mensink, Thomas and Verbeek, Jakob and Perronnin, Florent and Csurka, Gabriela},
	booktitle={Computer Vision--ECCV 2012},
	pages={488--501},
	year={2012},
	publisher={Springer}
}

@article{dmleig,
	title={Distance metric learning with eigenvalue optimization},
	author={Ying, Yiming and Li, Peng},
	journal={Journal of Machine Learning Research},
	volume={13},
	number={Jan},
	pages={1--26},
	year={2012}
}

@article{dmlmj,
	title={Supervised distance metric learning through maximization of the Jeffrey divergence},
	author={Nguyen, Bac and Morell, Carlos and De Baets, Bernard},
	journal={Pattern Recognition},
	volume={64},
	pages={215--225},
	year={2017},
	publisher={Elsevier}
}

@inproceedings{mcml,
	title={Metric learning by collapsing classes},
	author={Globerson, Amir and Roweis, Sam T},
	booktitle={Advances in neural information processing systems},
	pages={451--458},
	year={2006}
}

@inproceedings{ldml,
	title={Is that you? Metric learning approaches for face identification},
	author={Guillaumin, Matthieu and Verbeek, Jakob and Schmid, Cordelia},
	booktitle={Computer Vision, 2009 IEEE 12th international conference on},
	pages={498--505},
	year={2009},
	organization={IEEE}
}

@inproceedings{klmnn,
  title={Large margin component analysis},
  author={Torresani, Lorenzo and Lee, Kuang-chih},
  booktitle={Advances in neural information processing systems},
  pages={1385--1392},
  year={2007}
}

@book{understandingml,
	title={Understanding machine learning: From theory to algorithms},
	author={Shalev-Shwartz, Shai and Ben-David, Shai},
	year={2014},
	publisher={Cambridge university press}
}

@book{rudin,
	title={Real and complex analysis},
	author={Rudin, Walter},
	year={1987},
	publisher={Tata McGraw-Hill Education}
}

@book{convexanalysis,
	title={Convex analysis},
	author={Rockafellar, Ralph Tyrell},
	year={2015},
	publisher={Princeton university press}
}

@book{convexoptimization,
	title={Convex optimization},
	author={Boyd, Stephen and Vandenberghe, Lieven},
	year={2004},
	publisher={Cambridge university press}
}

@book{introductiontoalgorithms,
	title={Introduction to algorithms},
	author={Cormen, Thomas H},
	year={2009},
	publisher={MIT press}
}

@article{clustering_algorithms,
	title={Survey of clustering algorithms},
	author={Xu, Rui and Wunsch, Donald},
	journal={IEEE Transactions on neural networks},
	volume={16},
	number={3},
	pages={645--678},
	year={2005},
	publisher={Ieee}
}


@article{overton1988minimizing,
  title={On minimizing the maximum eigenvalue of a symmetric matrix},
  author={Overton, Michael L},
  journal={SIAM Journal on Matrix Analysis and Applications},
  volume={9},
  number={2},
  pages={256--268},
  year={1988},
  publisher={SIAM}
}

@article{maulik2002performance,
  title={Performance evaluation of some clustering algorithms and validity indices},
  author={Maulik, Ujjwal and Bandyopadhyay, Sanghamitra},
  journal={IEEE Transactions on Pattern Analysis and Machine Intelligence},
  volume={24},
  number={12},
  pages={1650--1654},
  year={2002},
  publisher={IEEE}
}
