@inproceedings{kda,
  title={Fisher discriminant analysis with kernels},
  author={Mika, Sebastian and Ratsch, Gunnar and Weston, Jason and Scholkopf, Bernhard and Mullers, Klaus-Robert},
  booktitle={Neural networks for signal processing IX, 1999. Proceedings of the 1999 IEEE signal processing society workshop.},
  pages={41--48},
  year={1999},
  organization={Ieee}
}

@inproceedings{lsi,
  title={Distance metric learning with application to clustering with side-information},
  author={Xing, Eric P and Jordan, Michael I and Russell, Stuart J and Ng, Andrew Y},
  booktitle={Advances in neural information processing systems},
  pages={521--528},
  year={2003}
}

@inproceedings{itml,
  title={Information-theoretic metric learning},
  author={Davis, Jason V and Kulis, Brian and Jain, Prateek and Sra, Suvrit and Dhillon, Inderjit S},
  booktitle={Proceedings of the 24th international conference on Machine learning},
  pages={209--216},
  year={2007},
  organization={ACM}
}

@inproceedings{nca,
  title={Neighbourhood components analysis},
  author={Goldberger, Jacob and Hinton, Geoffrey E and Roweis, Sam T and Salakhutdinov, Ruslan R},
  booktitle={Advances in neural information processing systems},
  pages={513--520},
  year={2005}
}

@inproceedings{anmm,
	title={Feature extraction by maximizing the average neighborhood margin},
	author={Wang, Fei and Zhang, Changshui},
	booktitle={Computer Vision and Pattern Recognition, 2007. CVPR'07. IEEE Conference on},
	pages={1--8},
	year={2007},
	organization={IEEE}
}

@article{lmnn,
	title={Distance metric learning for large margin nearest neighbor classification},
	author={Weinberger, Kilian Q and Saul, Lawrence K},
	journal={Journal of Machine Learning Research},
	volume={10},
	number={Feb},
	pages={207--244},
	year={2009}
}

@incollection{ncmml,
	title={Metric learning for large scale image classification: Generalizing to new classes at near-zero cost},
	author={Mensink, Thomas and Verbeek, Jakob and Perronnin, Florent and Csurka, Gabriela},
	booktitle={Computer Vision--ECCV 2012},
	pages={488--501},
	year={2012},
	publisher={Springer}
}

@article{dmleig,
	title={Distance metric learning with eigenvalue optimization},
	author={Ying, Yiming and Li, Peng},
	journal={Journal of Machine Learning Research},
	volume={13},
	number={Jan},
	pages={1--26},
	year={2012}
}

@article{dmlmj,
	title={Supervised distance metric learning through maximization of the Jeffrey divergence},
	author={Nguyen, Bac and Morell, Carlos and De Baets, Bernard},
	journal={Pattern Recognition},
	volume={64},
	pages={215--225},
	year={2017},
	publisher={Elsevier}
}

@inproceedings{mcml,
	title={Metric learning by collapsing classes},
	author={Globerson, Amir and Roweis, Sam T},
	booktitle={Advances in neural information processing systems},
	pages={451--458},
	year={2006}
}

@inproceedings{ldml,
	title={Is that you? Metric learning approaches for face identification},
	author={Guillaumin, Matthieu and Verbeek, Jakob and Schmid, Cordelia},
	booktitle={Computer Vision, 2009 IEEE 12th international conference on},
	pages={498--505},
	year={2009},
	organization={IEEE}
}

%% DMLMJ (KDMLMJ), NCMML (NCMC), DML-eig, MCML, LDML, (PCA, KPCA, LDA)


%%%%%%%%%%%%%%%%%%%%%%%%%%%%%%% CHARTE

@book{mitchell1997,
  title={Machine learning. WCB},
  author={Mitchell, Tom M and others},
  year={1997},
  publisher={McGraw-Hill Boston, MA:}
}

@book{goodfellow2016,
    title={Deep Learning},
    author={Ian Goodfellow and Yoshua Bengio and Aaron Courville},
    publisher={MIT Press},
    note={\url{http://www.deeplearningbook.org}},
    year={2016}
}
@article{hinton2006dbn,
  title={A fast learning algorithm for deep belief nets},
  author={Hinton, Geoffrey E and Osindero, Simon and Teh, Yee-Whye},
  journal={Neural computation},
  volume={18},
  number={7},
  pages={1527--1554},
  year={2006},
  publisher={MIT Press}
}
@article{hinton2002cd,
  title={Training products of experts by minimizing contrastive divergence},
  author={Hinton, Geoffrey E},
  journal={Neural computation},
  volume={14},
  number={8},
  pages={1771--1800},
  year={2002},
  publisher={MIT Press}
}
@inproceedings{tieleman2008pcd,
  title={Training restricted Boltzmann machines using approximations to the likelihood gradient},
  author={Tieleman, Tijmen},
  booktitle={Proceedings of the 25th international conference on Machine learning},
  pages={1064--1071},
  year={2008},
  organization={ACM}
}

@book{vdvaart,
author = {A. W. van der Vaart},
title = {Asymptotic statistics},
series = {Cambridge Series in Statistical and Probabilistic Mathematics}, 
publisher = {Cambridge University Press},
city = {Cambridge},
year = {1998},
isbn = {0-521-49603-9}
}

@book{coverit,
  title={Elements of information theory},
  author={Cover, Thomas M and Thomas, Joy A},
  year={2012},
  publisher={John Wiley \& Sons}
}

@inproceedings{cohen1996,
  title={Learning rules that classify e-mail},
  author={Cohen, William W and others},
  booktitle={AAAI spring symposium on machine learning in information access},
  volume={18},
  pages={25},
  year={1996},
  organization={California}
}
@article{lecun1989backprop,
  title={Backpropagation applied to handwritten zip code recognition},
  author={LeCun, Yann and Boser, Bernhard and Denker, John S and Henderson, Donnie and Howard, Richard E and Hubbard, Wayne and Jackel, Lawrence D},
  journal={Neural computation},
  volume={1},
  number={4},
  pages={541--551},
  year={1989},
  publisher={MIT Press}
}
@article{hinton2007multiple,
  title={Learning multiple layers of representation},
  author={Hinton, Geoffrey E},
  journal={Trends in cognitive sciences},
  volume={11},
  number={10},
  pages={428--434},
  year={2007},
  publisher={Elsevier}
}



@book{treil2013,
  title={Linear algebra done wrong},
  author={Treil, Sergei},
  year={2013},
  publisher={MTM}
}

@inproceedings{beyer1999,
  title={When is “nearest neighbor” meaningful?},
  author={Beyer, Kevin and Goldstein, Jonathan and Ramakrishnan, Raghu and Shaft, Uri},
  booktitle={International conference on database theory},
  pages={217--235},
  year={1999},
  organization={Springer}
}

@inproceedings{aggarwal2001,
  title={On the surprising behavior of distance metrics in high dimensional space},
  author={Aggarwal, Charu C and Hinneburg, Alexander and Keim, Daniel A},
  booktitle={International Conference on Database Theory},
  pages={420--434},
  year={2001},
  organization={Springer}
}
@article{fodor2002,
  title={A survey of dimension reduction techniques},
  author={Fodor, Imola K},
  journal={Center for Applied Scientific Computing, Lawrence Livermore National Laboratory},
  volume={9},
  pages={1--18},
  year={2002}
}
@misc{kotsiantis2007,
  title={Supervised machine learning: A review of classification techniques},
  author={Kotsiantis, Sotiris B and Zaharakis, I and Pintelas, P},
  journal={Informatica},
  volume={31},
  pages={249--268},
  year={2007}
}



@book{shwartz2014,
  author =       {Shai Shalev-Shwartz and Shai Ben-David},
  title =        {Understanding Machine Learning},
  year =         {2014},
  publisher =    {Cambridge University Press},
  url =          {http://www.cs.huji.ac.il/~shais/UnderstandingMachineLearning},
  pages =        {nil},
  series =       {nil},
}

@article{kononenko2001,
  title={Machine learning for medical diagnosis: history, state of the art and perspective},
  author={Kononenko, Igor},
  journal={Artificial Intelligence in medicine},
  volume={23},
  number={1},
  pages={89--109},
  year={2001},
  publisher={Elsevier}
}

@article{phua2010,
  title={A comprehensive survey of data mining-based fraud detection research},
  author={Phua, Clifton and Lee, Vincent and Smith, Kate and Gayler, Ross},
  journal={arXiv preprint arXiv:1009.6119},
  year={2010}
}

@inproceedings{ranzato,
  title={Unsupervised learning of invariant feature hierarchies with applications to object recognition},
  author={Ranzato, Marc Aurelio and Huang, Fu Jie and Boureau, Y-Lan and LeCun, Yann},
  booktitle={Computer Vision and Pattern Recognition, 2007. CVPR'07. IEEE Conference on},
  pages={1--8},
  year={2007},
  organization={IEEE}
}
@article{hofmann,
  title={Unsupervised learning by probabilistic latent semantic analysis},
  author={Hofmann, Thomas},
  journal={Machine learning},
  volume={42},
  number={1-2},
  pages={177--196},
  year={2001},
  publisher={Springer}
}
@article{brent,
  title={From grammar to lexicon: unsupervised learning of lexical syntax},
  author={Brent, Michael R},
  journal={Computational Linguistics},
  volume={19},
  number={2},
  pages={243--262},
  year={1993},
  publisher={MIT Press}
}
@inproceedings{erhan2009,
  title={The difficulty of training deep architectures and the effect of unsupervised pre-training},
  author={Erhan, Dumitru and Manzagol, Pierre-Antoine and Bengio, Yoshua and Bengio, Samy and Vincent, Pascal},
  booktitle={International Conference on artificial intelligence and statistics},
  pages={153--160},
  year={2009}
}
@article{hinton06,
  title={A fast learning algorithm for deep belief nets},
  author={Hinton, Geoffrey E and Osindero, Simon and Teh, Yee-Whye},
  journal={Neural computation},
  volume={18},
  number={7},
  pages={1527--1554},
  year={2006},
  publisher={MIT Press}
}
@Manual{shiny,
  title = {shiny: Web Application Framework for R},
  author = {Winston Chang and Joe Cheng and JJ Allaire and Yihui Xie and Jonathan McPherson},
  year = {2016},
  note = {R package version 0.13.2},
  url = {https://cran.r-project.org/package=shiny},
}
@MastersThesis{darch,
  title = {Implementierung und Analyse von tiefen Architekturen in R},
  author = {Martin Drees},
  year = {2013},
  school = {Fachhochschule Dortmund},
  url = {https://cran.r-project.org/package=darch},
}
@Manual{deepnet,
        title = {deepnet: deep learning toolkit in R},
        author = {Xiao Rong},
        year = {2014},
        note = {R package version 0.2},
        url = {https://CRAN.R-project.org/package=deepnet},
        }

@Manual{h2o,
  title = {h2o: R Interface for H2O},
  author = {Spencer Aiello and Tom Kraljevic and Petr Maj and with contributions from the H2O.ai team},
  year = {2016},
  note = {R package version 3.8.1.3},
  url = {https://CRAN.R-project.org/package=h2o},
}
@Manual{devtools,
  title = {devtools: Tools to Make Developing R Packages Easier},
  author = {Hadley Wickham and Winston Chang},
  note = {R package version 1.11.0.9000},
  url = {https://github.com/hadley/devtools},
}
@article{mxnet,
  title={Mxnet: A flexible and efficient machine learning library for heterogeneous distributed systems},
  author={Chen, Tianqi and Li, Mu and Li, Yutian and Lin, Min and Wang, Naiyan and Wang, Minjie and Xiao, Tianjun and Xu, Bing and Zhang, Chiyuan and Zhang, Zheng},
  journal={arXiv preprint arXiv:1512.01274},
  year={2015}
}
@article{tensorflow,
  title={Tensorflow: Large-scale machine learning on heterogeneous distributed systems},
  author={Abadi, Mart{\'\i}n and Agarwal, Ashish and Barham, Paul and Brevdo, Eugene and Chen, Zhifeng and Citro, Craig and Corrado, Greg S and Davis, Andy and Dean, Jeffrey and Devin, Matthieu and others},
  journal={arXiv preprint arXiv:1603.04467},
  year={2016}
}
@article{theano,
  title={Theano: new features and speed improvements},
  author={Bastien, Fr{\'e}d{\'e}ric and Lamblin, Pascal and Pascanu, Razvan and Bergstra, James and Goodfellow, Ian and Bergeron, Arnaud and Bouchard, Nicolas and Warde-Farley, David and Bengio, Yoshua},
  journal={arXiv preprint arXiv:1211.5590},
  year={2012}
}

@inproceedings{caffe,
  title={Caffe: Convolutional architecture for fast feature embedding},
  author={Jia, Yangqing and Shelhamer, Evan and Donahue, Jeff and Karayev, Sergey and Long, Jonathan and Girshick, Ross and Guadarrama, Sergio and Darrell, Trevor},
  booktitle={Proceedings of the 22nd ACM international conference on Multimedia},
  pages={675--678},
  year={2014},
  organization={ACM}
}
@article{andrews1972,
  title={Plots of high-dimensional data},
  author={Andrews, David F},
  journal={Biometrics},
  pages={125--136},
  year={1972},
  publisher={JSTOR}
}


  @Manual{rlang,
    title = {R: A Language and Environment for Statistical Computing},
    author = {{R Core Team}},
    organization = {R Foundation for Statistical Computing},
    address = {Vienna, Austria},
    year = {2017},
    url = {https://www.R-project.org/},
  }
  @Manual{rstudio,
    title = {RStudio: Integrated Development Environment for R},
    author = {{RStudio Team}},
    organization = {RStudio, Inc.},
    address = {Boston, MA},
    year = {2016},
    url = {http://www.rstudio.com/},
  }

  @Article{mlr,
    title = {{mlr}: Machine Learning in R},
    author = {Bernd Bischl and Michel Lang and Lars Kotthoff and Julia
      Schiffner and Jakob Richter and Erich Studerus and Giuseppe
      Casalicchio and Zachary M. Jones},
    journal = {Journal of Machine Learning Research},
    year = {2016},
    volume = {17},
    number = {170},
    pages = {1-5},
    url = {http://jmlr.org/papers/v17/15-066.html},
  }

@online{plotly, 
author = {Plotly Technologies Inc.},
title = {Collaborative data science},
publisher = {Plotly Technologies Inc.},
address = {Montréal, QC},
year = {2015},
url = {https://plot.ly}
}

@article{fisher1936iris,
  title={The use of multiple measurements in taxonomic problems},
  author={Fisher, Ronald A},
  journal={Annals of eugenics},
  volume={7},
  number={2},
  pages={179--188},
  year={1936},
  publisher={Wiley Online Library}
}

@inproceedings{coates,
  title={An analysis of single-layer networks in unsupervised feature learning},
  author={Coates, Adam and Ng, Andrew Y and Lee, Honglak},
  booktitle={International conference on artificial intelligence and statistics},
  pages={215--223},
  year={2011}
}
@misc{Lichman:2013 ,
author = "M. Lichman",
year = "2013",
title = "{UCI} Machine Learning Repository",
url = "http://archive.ics.uci.edu/ml",
institution = "University of California, Irvine, School of Information and Computer Sciences" }
@article{mnistlecun,
  author = {Lecun, Yann and Cortes, Corinna},
  citeulike-article-id = {599493},
  citeulike-linkout-0 = {http://yann.lecun.com/exdb/mnist/},
  keywords = {ai, mnist, recognition},
  posted-at = {2009-03-20 17:02:13},
  priority = {2},
  year = "2009",
  title = {{The MNIST database of handwritten digits}},
  url = {http://yann.lecun.com/exdb/mnist/}
}

@inproceedings{bergstra2011algorithms,
  title={Algorithms for hyper-parameter optimization},
  author={Bergstra, James S and Bardenet, R{\'e}mi and Bengio, Yoshua and K{\'e}gl, Bal{\'a}zs},
  booktitle={Advances in Neural Information Processing Systems},
  pages={2546--2554},
  year={2011}
}
@article{kolda2009,
  title={Tensor decompositions and applications},
  author={Kolda, Tamara G and Bader, Brett W},
  journal={SIAM review},
  volume={51},
  number={3},
  pages={455--500},
  year={2009},
  publisher={SIAM}
}

@techreport{Rumelhart,
  title={Learning internal representations by error propagation},
  author={Rumelhart, David E and Hinton, Geoffrey E and Williams, Ronald J},
  year={1985},
  institution={DTIC Document}
}
@inproceedings{poultney,
  title={Efficient learning of sparse representations with an energy-based model},
  author={Poultney, Christopher and Chopra, Sumit and Cun, Yann L and others},
  booktitle={Advances in neural information processing systems},
  pages={1137--1144},
  year={2006}
}
@inproceedings{Vincent,
 author = {Vincent, Pascal and Larochelle, Hugo and Bengio, Yoshua and Manzagol, Pierre-Antoine},
 title = {Extracting and Composing Robust Features with Denoising Autoencoders},
 booktitle = {Proceedings of the 25th International Conference on Machine Learning},
 series = {ICML '08},
 year = {2008},
 isbn = {978-1-60558-205-4},
 location = {Helsinki, Finland},
 pages = {1096--1103},
 numpages = {8},
 acmid = {1390294},
 publisher = {ACM},
}
@inproceedings{rifai,
  title={Contractive auto-encoders: Explicit invariance during feature extraction},
  author={Rifai, Salah and Vincent, Pascal and Muller, Xavier and Glorot, Xavier and Bengio, Yoshua},
  booktitle={Proceedings of the 28th international conference on machine learning (ICML-11)},
  pages={833--840},
  year={2011}
}
@ARTICLE{bengio:2013,
  author={Y. Bengio and A. Courville and P. Vincent},
  journal={IEEE Transactions on Pattern Analysis and Machine Intelligence},
  title={Representation Learning: A Review and New Perspectives},
  year={2013},
  volume={35},
  number={8},
  pages={1798-1828},
  keywords={artificial intelligence;data structures;probability;unsupervised learning;AI;autoencoders;data representation;density estimation;geometrical connections;machine learning algorithms;manifold learning;probabilistic models;representation learning;unsupervised feature learning;Abstracts;Feature extraction;Learning systems;Machine learning;Manifolds;Neural networks;Speech recognition;Boltzmann machine;Deep learning;autoencoder;feature learning;neural nets;representation learning;unsupervised learning;Algorithms;Artificial Intelligence;Humans;Neural Networks (Computer)},
  doi={10.1109/TPAMI.2013.50},
  ISSN={0162-8828},
  month={Aug},
}

@article{peterson2009,
  title={K-nearest neighbor},
  author={Peterson, Leif E},
  journal={Scholarpedia},
  volume={4},
  number={2},
  pages={1883},
  year={2009},
  url = {http://scholarpedia.org/article/K-nearest_neighbor}
}

@article{clarke2008,
  title={The properties of high-dimensional data spaces: implications for exploring gene and protein expression data},
  author={Clarke, Robert and Ressom, Habtom W and Wang, Antai and Xuan, Jianhua and Liu, Minetta C and Gehan, Edmund A and Wang, Yue},
  journal={Nature Reviews Cancer},
  volume={8},
  number={1},
  pages={37--49},
  year={2008},
  publisher={Nature Publishing Group}
}
@article{mnist,
  title={The MNIST database of handwritten digits},
  author={LeCun, Yann},
  url={http://yann.lecun.com/exdb/mnist/},
  year={1998}
}

@inproceedings{molina2002,
  title={Feature selection algorithms: A survey and experimental evaluation},
  author={Molina, Luis Carlos and Belanche, Llu{\'\i}s and Nebot, {\`A}ngela},
  booktitle={Data Mining, 2002. ICDM 2003. Proceedings. 2002 IEEE International Conference on},
  pages={306--313},
  year={2002},
  organization={IEEE}
}
@incollection{guyon2006,
  title={An introduction to feature extraction},
  author={Guyon, Isabelle and Elisseeff, Andr{\'e}},
  booktitle={Feature extraction},
  pages={1--25},
  year={2006},
  publisher={Springer}
}
@article{roweis2000,
  title={Nonlinear dimensionality reduction by locally linear embedding},
  author={Roweis, Sam T and Saul, Lawrence K},
  journal={science},
  volume={290},
  number={5500},
  pages={2323--2326},
  year={2000},
  publisher={American Association for the Advancement of Science}
}

@article{tenenbaum2000,
  title={A global geometric framework for nonlinear dimensionality reduction},
  author={Tenenbaum, Joshua B and De Silva, Vin and Langford, John C},
  journal={science},
  volume={290},
  number={5500},
  pages={2319--2323},
  year={2000},
  publisher={American Association for the Advancement of Science}
}

@article{hinton2006autoencoder,
  title={Reducing the dimensionality of data with neural networks},
  author={Hinton, Geoffrey E and Salakhutdinov, Ruslan R},
  journal={science},
  volume={313},
  number={5786},
  pages={504--507},
  year={2006},
  publisher={American Association for the Advancement of Science}
}
@article{cauchy1847,
  title={M{\'e}thode g{\'e}n{\'e}rale pour la r{\'e}solution des systemes d’{\'e}quations simultan{\'e}es},
  author={Cauchy, Augustin},
  journal={Comp. Rend. Sci. Paris},
  volume={25},
  number={1847},
  pages={536--538},
  year={1847}
}

@article{adagrad,
  title={Adaptive subgradient methods for online learning and stochastic optimization},
  author={Duchi, John and Hazan, Elad and Singer, Yoram},
  journal={Journal of Machine Learning Research},
  volume={12},
  number={Jul},
  pages={2121--2159},
  year={2011}
}
@book{jaynes2003,
  title={Probability theory: The logic of science},
  author={Jaynes, Edwin T},
  year={2003},
  publisher={Cambridge university press}
}
@article{ishak2002,
  title={Performance evaluation of short-term time-series traffic prediction model},
  author={Ishak, Sherif and Al-Deek, Haitham},
  journal={Journal of Transportation Engineering},
  volume={128},
  number={6},
  pages={490--498},
  year={2002},
  publisher={American Society of Civil Engineers}
}
@inproceedings{charte2016dlvisr,
  title={Análisis visual de técnicas no supervisadas de deep learning con el paquete dlvisR},
  author={Charte, David and Charte, Francisco and Herrera, Francisco},
  booktitle={Actas de la XVII conferencia de la Asociación Española para la Inteligencia Artificial},
  pages={895--904},
  year={2016},
  organization={AEPIA}
}
@article{maaten2008,
  title={Visualizing data using t-SNE},
  author={Maaten, Laurens van der and Hinton, Geoffrey},
  journal={Journal of Machine Learning Research},
  volume={9},
  number={Nov},
  pages={2579--2605},
  year={2008}
}
@article{wolpert1997,
  title={No free lunch theorems for optimization},
  author={Wolpert, David H and Macready, William G},
  journal={IEEE transactions on evolutionary computation},
  volume={1},
  number={1},
  pages={67--82},
  year={1997},
  publisher={IEEE}
}
